<record><leader>00000cas a22000007a 4500</leader><controlfield tag="001">11658858</controlfield><controlfield tag="008">850205d19181921inudn ne      0    0eng d</controlfield><datafield ind1=" " ind2=" " tag="010"><subfield code="a">sn 85038028 </subfield></datafield><datafield ind1=" " ind2=" " tag="040"><subfield code="a">NPY</subfield><subfield code="b">eng</subfield><subfield code="c">NPY</subfield><subfield code="d">NPI</subfield><subfield code="d">OCLCQ</subfield></datafield><datafield ind1=" " ind2=" " tag="042"><subfield code="a">msc</subfield></datafield><datafield ind1="0" ind2="4" tag="245"><subfield code="a">The Fort Wayne news and sentinel.</subfield></datafield><datafield ind1=" " ind2=" " tag="260"><subfield code="a">Fort Wayne, Ind. :</subfield><subfield code="b">News Pub. Co.,</subfield><subfield code="c">1918-1921.</subfield></datafield><datafield ind1=" " ind2=" " tag="310"><subfield code="a">Daily (except Sun.)</subfield></datafield><datafield ind1="0" ind2=" " tag="362"><subfield code="a">Jan. 1, 1918-June 1, 1921.</subfield></datafield><datafield ind1=" " ind2=" " tag="515"><subfield code="a">Vol. and issue numbering supplied for v. 85, no. 244 (July 2, 1918)-&lt;v. 86, no. 91 (Dec. 31, 1918)&gt;.</subfield></datafield><datafield ind1=" " ind2=" " tag="752"><subfield code="a">United States</subfield><subfield code="b">Indiana</subfield><subfield code="c">Allen</subfield><subfield code="d">Fort Wayne.</subfield></datafield><datafield ind1="0" ind2="4" tag="780"><subfield code="t">Fort Wayne news</subfield><subfield code="w">(DLC)sn 86058002</subfield></datafield><datafield ind1="0" ind2="4" tag="780"><subfield code="t">Fort Wayne sentinel (Fort Wayne, Ind. : Daily : 1884)</subfield><subfield code="w">(DLC)sn 87055966</subfield></datafield><datafield ind1="0" ind2="0" tag="785"><subfield code="t">News and sentinel (Fort Wayne, Ind.)</subfield><subfield code="w">(DLC)sn 82015310</subfield></datafield></record>